<?xml version="1.0" encoding="UTF-8"?><collection xmlns="http://www.loc.gov/MARC21/slim"><record><leader>00453nam--2200133-i-4500</leader><controlfield tag="001">000010935</controlfield><controlfield tag="002">20161230</controlfield><controlfield tag="005">20170305230247</controlfield><controlfield tag="008">060222s1000------------r-----000-0-eng-d</controlfield><datafield ind1=" " ind2=" " tag="100"><subfield code="a">Deshayes, Henri</subfield></datafield><datafield ind1=" " ind2=" " tag="245"><subfield code="a">Preparation de derives halogenes au sein de l hexamethylphosphotriamide. Nucleophilie et basicite des ions halogenures dans ce solvent</subfield><subfield code="b">these</subfield></datafield><datafield ind1=" " ind2=" " tag="260"><subfield code="a">Paris</subfield><subfield code="b">L Universite Paris Vi</subfield><subfield code="c">1972</subfield></datafield><datafield ind1=" " ind2=" " tag="300"><subfield code="a">III+92 p</subfield></datafield><datafield ind1=" " ind2=" " tag="CAT"><subfield code="a">SYS</subfield><subfield code="c">20170305</subfield><subfield code="h">230247</subfield></datafield></record></collection>